@misc{omalley2019kerastuner,
    title={KerasTuner},
    author={O'Malley, Tom and Bursztein, Elie and Long, James and Chollet, Fran\c{c}ois and Jin, Haifeng and Invernizzi, Luca and others},
    year={2019},
    Note   = "\href{https://github.com/keras-team/keras-tuner}{URL}
           [Online; accessed November-2023]",
}

@article{2020, 
    title={Fully Convolutional Deep Neural Networks with Optimized Hyperparameters for Detection of Shockable and Non-Shockable Rhythms}, 
    volume={20}, 
    journal={Sensors}, 
    author={Krasteva, Vessela and Ménétré, Sarah and Didon, Jean-Philippe and Jekova, Irena}, 
    year={2020}, 
    Note="\href{http://dx.doi.org/10.3390/s20102875}{URL} [Online; accessed November-2023]"
}

@article{original_study,
    author={Wik, L and Jo Kramer-Johansen and Helge Myklebust and Hallstein Sørebø and Leif Svensson and Bob Fellows and Petter Andreas Steen},
    title={Quality of cardiopulmonary resuscitation during out-of-hospital cardiac arrest},
    journal={JAMA},
    year={2005},
    volume={293}
}

@article{ca_worldwide,
    author={Neil T Srinivasan and Richard Schilling},
    title={Sudden Cardiac Death and Arrhythmias},
    journal={AER},
    year={2018}
}

@misc{ca_norge,
    title={Hjertestans},
    author={Oslo Universitetssykehus},
    year={2020},
    Note="\href{https://www.helsenorge.no/sykdom/hjerte-og-kar/hjertestans/}{URL} [Online; accessed November-2023]"
}

@article{cardiac,
    author = {Mari Amdalsrød Hognestad and Sander A. Søndeland},
    title = {Cardiac rhythm interpretation},
    journal = {Universitetet i Stavanger},
    year = {2022},
    Note="\href{https://github.com/SanderSondeland/ELE690_project1/blob/c38f6556e2d57a8c59f935ac1e1e41d090f98a78/ELE690_project.pdf}{URL}"
}

@misc{IBM,
    title = {What are convolutional neural networks?},
    author={IBM},
    Note="\href{https://www.ibm.com/topics/convolutional-neural-networks}{URL} [Online; accessed November-2023]" 
}

@misc{vfib,
    title={Ventricular Fibrillation},
    author={Johns Hopkins Medicine},
    Note   = "\href{https://www.hopkinsmedicine.org/health/conditions-and-diseases/ventricular-fibrillation}{URL}
           [Online; accessed November-2023]",
}

@misc{vtach,
    title={Ventricular tachycardia},
    author={Mayo Clinic},
    Note   = "\href{https://www.mayoclinic.org/diseases-conditions/ventricular-tachycardia/symptoms-causes/syc-20355138}{URL}
           [Online; accessed November-2023]",
}

@misc{asystole,
    title={Asystole},
    author={Cleveland Clinic},
    Note   = "\href{https://my.clevelandclinic.org/health/symptoms/22920-asystole}{URL}
           [Online; accessed November-2023]",
}

@misc{PEA,
    title={Pulseless Electrical Activity},
    author={Cleveland Clinic},
    Note   = "\href{https://my.clevelandclinic.org/health/symptoms/23213-pulseless-electrical-activity}{URL}
           [Online; accessed November-2023]",
}

@misc{PR,
    title={Normal Sinus Rhythm},
    author={Ed Burns and Robert Buttner},
    Note   = "\href{https://litfl.com/normal-sinus-rhythm-ecg-library/}{URL}
           [Online; accessed November-2023]",
    year = {2021},
    journal = {Life In The Fastlane},
}

@book{deeplearning,
  title={Deep learning},
  author={Goodfellow, Ian and Bengio, Yoshua and Courville, Aaron},
  year={2016},
  publisher={MIT press}
}

@misc{ReLU,
    title={A Gentle Introduction to the Rectified Linear Unit (ReLU)},
    author={Machine Learning Mastery},
    Note   = "\href{https://machinelearningmastery.com/rectified-linear-activation-function-for-deep-learning-neural-networks/}{URL}
           [Online; accessed November-2023]",
}

@misc{accuracy,
    title={Accuracy vs balanced accuracy, which is the best metric?},
    author={Stephen Allwright},
    Note   = "\href{https://stephenallwright.com/accuracy-vs-balanced-accuracy/}{URL}
           [Online; accessed November-2023]",
}

@misc{fullyconnected,
    title={Linear/Fully-Connected Layers User's Guide},
    author={NVIDIA Corporation & affiliates},
    Note   = "\href{https://docs.nvidia.com/deeplearning/performance/dl-performance-fully-connected/index.html}{URL}
           [Online; accessed November-2023]",
}

@article{eftes,
    author={Trygve Eftestøl and Mari A Hognestad and Sander A Søndeland and Ali Bahrami Rad and Elisabete Aramendi and Lars Wik and Jo Kramer-Johansen},
    title={A convolutional neural network approach for interpreting cardiac rhythms from resuscitation of cardiac arrest patients},
    journal={Computing in Cardiology, vol. 50},
    year={2023}
}

@article{lasa,
    author={Haizea Lasa and Unai Irusta and Trygve Eftestol and Elisabete Aramendi and Ali Bahrami Rad and Jo Kramer-Johansen and Lars Wik},
    title={Multimodal biosignal analysis algorithm for the classification of cardiac rhythms during resuscitation},
    journal={Computing in Cardiology, vol. 47},
    year={2020}
}

